<?xml version="1.0" encoding="UTF-8"?>
<record xmlns="http://www.loc.gov/MARC21/slim" xmlns:xsi="http://www.w3.org/2001/XMLSchema-instance" xsi:schemaLocation="http://www.loc.gov/MARC21/slim http://www.loc.gov/standards/marcxml/schema/MARC21slim.xsd">
<leader>00000cam a22     1a 4500</leader>
<controlfield tag="001">001677973</controlfield>
<controlfield tag="003">NNU</controlfield>
<controlfield tag="005">20150608160107.0</controlfield>
<controlfield tag="008">861106s1968    iq            001 0 arao</controlfield>
<datafield tag="010" ind1=" " ind2=" ">
<subfield code="a">   79960064</subfield>
</datafield>
<datafield tag="035" ind1=" " ind2=" ">
<subfield code="a">(OCoLC)15269928</subfield>
</datafield>
<datafield tag="040" ind1=" " ind2=" ">
<subfield code="a">DLC</subfield>
<subfield code="b">eng</subfield>
<subfield code="c">CGU</subfield>
<subfield code="d">DLC</subfield>
<subfield code="d">OCLCA</subfield>
<subfield code="d">OCLCQ</subfield>
<subfield code="d">OCLCO</subfield>
<subfield code="d">OCLCF</subfield>
<subfield code="d">NNU</subfield>
</datafield>
<datafield tag="050" ind1="0" ind2="0">
<subfield code="a">BP191</subfield>
<subfield code="b">.M3 1968</subfield>
</datafield>
<datafield tag="082" ind1="0" ind2="4">
<subfield code="a">297.8</subfield>
</datafield>
<datafield tag="100" ind1="1" ind2=" ">
<subfield code="6">880-01</subfield>
<subfield code="a">Malaṭī, Muḥammad ibn Aḥmad,</subfield>
<subfield code="d">-987 or 988.</subfield>
</datafield>
<datafield tag="245" ind1="1" ind2="3">
<subfield code="6">880-02</subfield>
<subfield code="a">al-Tanbīh wa-al-radd ʻalá ahl al-ahwāʼ wa-al-bidaʻ /</subfield>
<subfield code="c">Abū al-Ḥusayn Muḥammad ibn Aḥmad ibn ʻAbd al-Raḥman al-Malaṭī al-Shāfiʻī ; qaddama lahu wa-ʻallaqa ʻalayh Muḥammad Zāhid ibn al-Ḥasan al-Kawtharī.</subfield>
</datafield>
<datafield tag="250" ind1=" " ind2=" ">
<subfield code="6">880-03</subfield>
<subfield code="a">[al-Ṭabʻah 2].</subfield>
</datafield>
<datafield tag="260" ind1=" " ind2=" ">
<subfield code="6">880-04</subfield>
<subfield code="a">Baghdād :</subfield>
<subfield code="b">Maktabat al-Muthanná,</subfield>
<subfield code="c">1968.</subfield>
</datafield>
<datafield tag="300" ind1=" " ind2=" ">
<subfield code="a">20, 219 pages ;</subfield>
<subfield code="c">24 cm</subfield>
</datafield>
<datafield tag="336" ind1=" " ind2=" ">
<subfield code="a">text</subfield>
<subfield code="b">txt</subfield>
<subfield code="2">rdacontent</subfield>
</datafield>
<datafield tag="337" ind1=" " ind2=" ">
<subfield code="a">unmediated</subfield>
<subfield code="b">n</subfield>
<subfield code="2">rdamedia</subfield>
</datafield>
<datafield tag="338" ind1=" " ind2=" ">
<subfield code="a">volume</subfield>
<subfield code="b">nc</subfield>
<subfield code="2">rdacarrier</subfield>
</datafield>
<datafield tag="500" ind1=" " ind2=" ">
<subfield code="a">Title on p. 4 of cover: al-Tanbih w'arrad alà ahl-el-ahwaà w'al-bidaâ [by] Muhamad ben Ahmad ben abdei Rahman el Malti Achafie.</subfield>
</datafield>
<datafield tag="500" ind1=" " ind2=" ">
<subfield code="a">Includes indexes.</subfield>
</datafield>
<datafield tag="650" ind1=" " ind2="0">
<subfield code="a">Islamic sects.</subfield>
</datafield>
<datafield tag="650" ind1=" " ind2="7">
<subfield code="a">Islamic sects.</subfield>
<subfield code="2">fast</subfield>
<subfield code="0">(OCoLC)fst00980055</subfield>
</datafield>
<datafield tag="700" ind1="1" ind2=" ">
<subfield code="6">880-05</subfield>
<subfield code="a">Kawtharī, Muḥammad Zāhid ibn al-Ḥasan.</subfield>
</datafield>
<datafield tag="776" ind1="0" ind2="8">
<subfield code="i">Online version:</subfield>
<subfield code="a">Malaṭī, Muḥammad ibn Aḥmad, -987 or 8.</subfield>
<subfield code="t">Tanbīh wa-al-radd ʻalá ahl al-ahwāʼ wa-al-bidaʻ.</subfield>
<subfield code="b">[al-Ṭabʻah 2].</subfield>
<subfield code="d">Baghdād : Maktabat al-Muthanná, 1968</subfield>
<subfield code="w">(OCoLC)588876196</subfield>
</datafield>
<datafield tag="880" ind1="1" ind2=" ">
<subfield code="6">100-01/</subfield>
<subfield code="a">ملطي، محمد بن أحمد،</subfield>
<subfield code="d">-987 or 988.</subfield>
</datafield>
<datafield tag="880" ind1="1" ind2="3">
<subfield code="6">245-02/</subfield>
<subfield code="a">التنبيه والرد على أهل الأهواء والبدع /</subfield>
<subfield code="c">لأبي الحسين محمد بن أحمد بن عبد الرحمن الملطي الشافعي ؛ قدم له وعلق عليه محمد زاهد بن الحسن الكوثري.</subfield>
</datafield>
<datafield tag="880" ind1=" " ind2=" ">
<subfield code="6">250-03/</subfield>
<subfield code="a">الطبعة ٢.</subfield>
</datafield>
<datafield tag="880" ind1=" " ind2=" ">
<subfield code="6">260-04/</subfield>
<subfield code="a">بغداد :</subfield>
<subfield code="b">مكتبة المثنى،</subfield>
<subfield code="c">1968.</subfield>
</datafield>
<datafield tag="880" ind1="1" ind2=" ">
<subfield code="6">700-05/</subfield>
<subfield code="a">كوثري، محمد زاهد بن الحسن.</subfield>
</datafield>
<datafield tag="OWN" ind1=" " ind2=" ">
<subfield code="a">GENERAL</subfield>
</datafield>
<datafield tag="AVA" ind1=" " ind2=" ">
<subfield code="a">NYU50</subfield>
<subfield code="b">BOBST</subfield>
<subfield code="c">Main Collection</subfield>
<subfield code="d">BP191 .M3 1968</subfield>
<subfield code="e">unavailable</subfield>
<subfield code="t">Unavailable</subfield>
<subfield code="f">1</subfield>
<subfield code="g">1</subfield>
<subfield code="h">N</subfield>
<subfield code="i">0</subfield>
<subfield code="j">MAIN</subfield>
<subfield code="k">0</subfield>
</datafield>
</record>
